
@inproceedings{vanLon2012saso,
address = {Lyon, France},
author = {van~Lon, Rinde R. S. and Holvoet, Tom},
note = {\doi{10.1109/SASO.2012.41}},
booktitle = {Proceedings of the 6th IEEE International Conference on Self-Adaptive and Self-Organizing Systems (SASO 2012)},
pages = {231--232},
title = {Rin{S}im: A Simulator for Collective Adaptive Systems in Transportation and Logistics},
year = {2012}
}

@article{vanLon2017jaamas,
  author = {van Lon, Rinde R.S. and Holvoet, Tom},
  title = {When do agents outperform centralized algorithms? A systematic empirical evaluation in logistics},
  journal = {Autonomous Agents and Multi-agent Systems},
  year = {2017},
  doi = {10.1007/s10458-017-9371-y},
  issn = {1387-2532},
}